<?xml version="1.0" encoding="UTF-8"?><collection xmlns="http://www.loc.gov/MARC21/slim"><record><leader>00412nam--2200145-i-4500</leader><controlfield tag="001">000002978</controlfield><controlfield tag="002">20161230</controlfield><controlfield tag="005">20161230201025</controlfield><controlfield tag="008">060222s1000------------r-----000-0-eng-d</controlfield><datafield ind1=" " ind2=" " tag="080"><subfield code="a">517.4:512.972:538.3</subfield></datafield><datafield ind1=" " ind2=" " tag="100"><subfield code="a">Bauer, Edmond</subfield></datafield><datafield ind1=" " ind2=" " tag="245"><subfield code="a">Champs de vecteurs et de tenseurs. introduction a l'electro-magnetisme</subfield></datafield><datafield ind1=" " ind2=" " tag="260"><subfield code="a">Paris, Masson, 1955 204 P</subfield></datafield><datafield ind1=" " ind2=" " tag="852"><subfield code="a">11726</subfield><subfield code="c">512.94</subfield></datafield><datafield ind1=" " ind2=" " tag="CAT"><subfield code="a">Sys</subfield><subfield code="c">20080526</subfield><subfield code="h">103656</subfield></datafield></record></collection>